1866 2671
255 157 283 205 8
721 152 909 191 ῌΠςςμλύὲςνλ
914 170 945 191 ων
949 155 1056 190 3345&ss
1060 152 1169 191 ’.ι’ωπλμ

192 266 425 309 ambulacra
459 266 599 309 ereffls
635 267 677 308 δε
711 267 805 307 Vite
840 264 1007 308 vinifera
1041 266 1355 319 circumduffls,
1390 270 1543 323 viisque
1577 268 1707 323 lapide

194 340 331 380 stratis.
428 339 528 380 Haec
569 339 799 380 Hortorum
845 336 1127 380 Architectura
1172 338 1346 379 Orientis
1397 337 1513 393 spirat
1557 353 1706 380 mores.

195 410 313 452 Flora
346 409 482 451 Insulae
513 409 613 450 adeo
648 409 751 450 male
793 411 833 450 in
872 408 966 450 saxo
1001 407 1200 449 Melitensi
1240 408 1415 460 habitat,
1465 409 1508 450 &
1542 423 1708 463 parvam

196 482 427 535 plantarum
459 482 702 536 progeniem
735 479 890 522 educat.
978 479 1039 521 Cl.
1073 479 1286 528 Forskcilizts
1318 481 1475 521 invenit
1506 481 1710 522 Botaniees

198 552 366 592 Socium
400 553 442 594 &
477 552 626 593 ducem
657 552 863 593 Medicum
897 551 1199 606 peritissimum,
1233 552 1303 605 qui
1324 551 1470 591 Pariliis
1501 550 1711 606 quondam

197 636 485 676 commorans,
519 624 676 664 veriora
710 622 890 664 Scientiae
911 621 1113 663 Naturalis
1146 620 1408 662 fundamenta
1443 622 1616 663 lucratus
1644 622 1713 672 est,

197 696 347 751 cuique
387 693 584 736 debemus
624 692 851 735 exhibitum
894 695 936 734 in
974 693 1112 734 Fauna
1148 692 1388 748 Catalogum
1422 691 1591 746 Pzscz‘um
1624 693 1711 735 Me-

196 766 408 820 litenstum.

389 839 573 880 SMmNA
604 837 837 879 breviffimo
872 836 1069 889 temporis
1105 835 1317 876 intervallo
1351 833 1602 876 occasionem
1628 834 1713 876 her-

200 909 432 951 bationibus
462 909 595 950 liberis
631 911 789 961 aperuit
823 907 976 949 nullam
995 921 1010 959 ,·
1045 920 1120 948 nec
1154 906 1338 947 satiabant
1370 908 1551 946 animum
1587 907 1713 946 curio-

201 978 289 1021 sum
322 980 502 1035 parvula,
535 994 627 1037 quae
660 979 825 1021 aderant
866 976 1027 1029 Musea‚
1073 976 1140 1017 vel
1174 975 1527 1018 ColleStaneorum
1561 975 1714 1018 refidua

199 1051 339 1106 inclyti
371 1051 561 1094 Dofitoris
592 1051 868 1106 Haffilquistii.

392 1123 838 1165 CONSTANTINOPOLI
872 1133 946 1174 per
977 1119 1132 1174 aliquot
1147 1117 1384 1172 septimanas
1412 1117 1659 1173 requiescere
1676 1117 1716 1158 li-

201 1195 303 1248 cuit3
333 1192 398 1236 sed
417 1195 458 1235 in
473 1192 654 1235 mensem
668 1193 906 1245 Augustum
940 1190 1130 1231 tranfiens
1163 1189 1307 1229 melior
1339 1191 1430 1229 anni
1466 1202 1556 1242 pars
1574 1188 1652 1229 sera
1675 1188 1717 1230 ἃ

202 1278 323 1319 parca
354 1265 466 1306 dedit
497 1264 705 1318 spicilegia.
802 1262 1034 1303 Honorum
1074 1259 1229 1300 cultura
1262 1258 1548 1312 neglectissima
1578 1274 1594 1312 ;
1641 1273 1718 1300 nec

200 1335 356 1378 felicior
387 1335 458 1378 sub
490 1335 788 1389 Europaeorum
823 1332 966 1385 tutela5
998 1330 1155 1385 Iemper
1172 1329 1343 1371 Climate
1365 1327 1507 1382 injuste
1526 1329 1718 1373 aceuffito.

203 1406 411 1449 Snustura
444 1420 591 1448 eorum
624 1405 666 1446 δε
699 1416 891 1454 ornatus,
934 1414 978 1443 ut
1010 1404 1051 1443 in
1084 1401 1209 1443 Malta
1243 1400 1499 1442 observatum
1534 1413 1641 1451 erat,
1676 1401 1719 1442 8<

204 1480 279 1521 viae
319 1479 501 1533 lapillulis
540 1476 775 1519 littoralibus
815 1476 1023 1516 variorum
1064 1472 1250 1513 colorum
1284 1485 1483 1526 perquam
1517 1470 1720 1512 artificiose

204 1550 448 1592 sternuntur.
511 1547 638 1606 Qod
671 1548 767 1589 urbs
800 1560 885 1588 non
909 1546 1061 1600 potuit,
1088 1544 1297 1585 BELGRAD
1336 1543 1466 1597 Pagus
1489 1544 1719 1596 augmentis

208 1620 428 1663 herbarum
457 1619 671 1675 supplevit.

396 1690 594 1745 Trajesto
627 1691 734 1732 Mari
761 1689 908 1744 AEgaeo
932 1688 1234 1729 ALEXANDRIA
1265 1683 1464 1739 hospitem
1484 1684 1720 1726 Botanicum

208 1777 321 1805 novo
342 1763 528 1817 implevit
558 1762 787 1816 plantarum
811 1758 1047 1814 speclaculo.
1112 1757 1236 1798 Extra
1254 1756 1464 1810 Europam
1481 1756 1594 1808 regio
1613 1755 1721 1796 nulla

209 1835 282 1886 est,
328 1849 418 1891 quae
450 1832 696 1888 praesentiam
743 1830 852 1873 docti
893 1830 1068 1871 Viatoris
1115 1839 1296 1869 meretur
1334 1826 1524 1880 AEgypto
1575 1827 1721 1879 potius.

210 1908 392 1948 Scientiae
424 1904 626 1946 Naturalis
657 1903 810 1955 cultor,
843 1904 883 1943 in
917 1899 1006 1942 rudi
1033 1898 1323 1954 Septentrionis
1356 1909 1459 1938 terra
1492 1896 1634 1951 plantis
1667 1899 1722 1939 in-

209 1977 365 2032 digenis
396 1977 570 2018 nimium
604 1974 792 2025 assuetus,
826 1987 891 2015 eas
925 1985 969 2014 ut
1000 1970 1196 2025 simplices
1219 1966 1398 2021 respicit,
1432 1967 1475 2009 δε
1494 1981 1592 2024 quas
1613 1967 1723 2009 videt

209 2051 406 2099 exoticas,
438 2046 575 2089 coaeta
608 2045 897 2088 Horticulturae
929 2043 1167 2085 educatione
1201 2040 1529 2094 progignuntur3
1566 2039 1592 2079 fi
1627 2039 1690 2080 ille
1711 2072 1722 2089 ‚

210 2134 255 2162 ut
286 2120 474 2165 Forskcilio
507 2118 643 2160 nostro
676 2118 876 2170 contigit,
910 2116 989 2156 fine
1023 2111 1238 2155 successivo
1273 2109 1434 2152 tranfitu
1467 2122 1542 2164 per
1573 2110 1723 2151 Latitu-

213 2192 325 2234 dines
358 2191 485 2234 Florae
518 2187 706 2239 diversas,
741 2188 831 2242 post
863 2187 1050 2240 longam,
1082 2195 1255 2225 vacuam
1288 2181 1331 2223 δε
1362 2183 1584 2237 inquietam
1615 2183 1723 2221 navi-

1436 2252 1661 2305 gationem,
