1866 2671
744 198 826 226 ,υυςς-
833 186 1192 226 ωῐμκι-μλχμὶμθβῇωῐιιςηχῦ
1608 201 1630 236 2
1641 201 1664 247 5

394 307 483 348 Pari
518 305 724 347 oblivione
756 302 968 346 inscribere
1003 302 1219 358 supersedit
1252 300 1566 345 Observationes
1601 305 1731 348 Mine-

204 379 604 433 ralogico-Phyficas,
639 389 737 433 quas
771 376 797 417 si
832 389 978 431 paucas
1013 374 1123 416 dedit
1154 374 1386 429 AEgypms,
1421 389 1468 416 eo
1503 376 1731 418 illustriores

203 449 377 491 reddidit
427 449 587 491 Arabia.
706 447 808 489 Haec
851 447 1078 501 Geogoniae
1126 445 1341 488 deflderata
1383 448 1596 501 peregrina
1646 462 1731 489 non

204 533 317 562 erant
364 523 453 562 viro
489 535 510 561 e
544 522 668 575 patria
709 519 894 560 montosa
952 518 994 559 δε
1042 517 1277 559 metallifera
1330 517 1565 572 egredienti.
1663 516 1731 560 Ad

204 591 308 633 hanc
342 591 570 633 Theoriam
610 589 899 646 perficiendam
939 588 1022 630 sero
1057 590 1176 629 nimis
1214 592 1478 631 attentionem
1520 588 1731 631 deflectere

205 665 446 718 inceperunt
480 662 635 705 eruditi.
700 663 746 704 In
777 661 858 702 hoc
887 661 1189 716 problematum
1233 660 1408 703 consessu
1442 661 1633 703 seculares
1666 676 1731 702 ex-

205 737 409 789 perientiae
450 733 657 775 audiendae
698 734 742 775 δε
786 731 1083 774 observationes
1124 745 1175 773 ex
1219 734 1331 774 omni
1369 734 1539 787 regione
1579 745 1734 773 convo·

202 805 354 847 scandae.
455 806 611 860 Scripta
652 804 845 845 deficiunt
887 804 1135 856 testimonia,
1169 802 1234 845 sed
1266 804 1447 847 Annales
1478 803 1660 846 Telluris
1694 805 1736 845 in

205 877 375 930 Monte,
417 877 569 928 Terra,
612 877 719 918 Mari
760 875 950 930 prostant.

397 948 498 989 Non
533 950 665 989 omnis
682 950 724 989 in
747 947 807 991 Cl.
832 947 1072 997 Forskcilimn
1106 947 1226 1002 culpa
1257 945 1478 1000 volvenda,
1512 947 1540 990 fi
1565 957 1623 989 tot
1643 960 1737 1001 ope·

205 1021 258 1062 ris
291 1019 412 1074 hujus
447 1020 632 1062 membra
667 1019 879 1072 deficiunt3
914 1018 1087 1073 plurima
1120 1021 1232 1061 enim
1269 1021 1472 1075 deperdita
1506 1018 1580 1060 effe
1612 1020 1739 1061 mani-

206 1089 312 1133 festis
349 1091 527 1132 vidimus
567 1090 732 1132 indiciis.
830 1090 1042 1146 Qantum
1075 1093 1308 1146 potuimus,
1349 1089 1647 1133 observationes
1679 1103 1736 1131 re—

207 1162 404 1216 parabiles
465 1161 738 1217 produximus
788 1161 970 1218 locisque
1016 1164 1118 1217 aptis
1161 1163 1384 1204 statuimus.
1512 1159 1737 1212 Tandem,

206 1233 361 1287 plantas
395 1234 559 1274 utilitate
592 1232 769 1288 quadam
803 1232 1108 1284 memorandas,
1140 1235 1183 1274 in
1216 1246 1297 1274 una
1334 1233 1490 1275 Tabula
1510 1246 1584 1287 per
1604 1232 1738 1284 lineas,

208 1303 309 1346 dum
344 1304 553 1358 descriptio
587 1316 673 1344 non
707 1301 880 1353 suffecit,
915 1302 1191 1358 disposuimus.

397 1375 629 1418 Plantarum
674 1374 781 1428 Usus
822 1375 990 1416 medicos
1033 1376 1073 1416 in
1114 1374 1292 1430 AEgffito
1327 1374 1417 1430 post
1450 1375 1591 1431 Alpini
1623 1388 1738 1417 curas

206 1461 292 1489 non
326 1445 666 1498 contemnendas,
716 1446 776 1487 alii
811 1446 996 1488 Viatores
1030 1446 1196 1488 ulterius
1229 1446 1502 1502 collegeruncg
1552 1446 1738 1503 adeoque

211 1519 270 1562 Cl.
309 1519 523 1567 forlktilizls
558 1518 607 1560 ab
647 1517 896 1559 aecussatione
931 1518 967 1559 se
1000 1518 1161 1570 liberat,
1205 1517 1308 1560 dum
1348 1518 1577 1561 Materiam
1609 1518 1737 1560 Medi*

211 1594 309 1633 cam'
332 1590 575 1631 Kcihirinam
608 1591 782 1632 inventis
815 1588 1018 1645 prioribus
1052 1588 1172 1631 addit.

401 1661 556 1704 Arabia
590 1661 699 1703 felix
732 1660 849 1702 aliam
883 1659 1075 1702 medendi
1114 1673 1242 1702 artem
1278 1660 1321 1703 8<
1355 1661 1465 1719 quafi
1499 1664 1739 1717 primaevam

210 1734 421 1783 monstrat,
466 1746 516 1774 ex
550 1732 685 1774 herbis
718 1731 943 1787 spontaneis
977 1734 1157 1787 petitam.
1239 1732 1421 1788 Populus
1455 1735 1616 1789 ignorat
1648 1735 1739 1775 artis

211 1806 384 1847 instituta
424 1803 466 1845 &
509 1805 720 1858 praeceptis
763 1802 989 1845 domesticis
1023 1804 1106 1845 satis
1140 1802 1270 1846 habet.
1353 1803 1448 1847 Ideo
1484 1802 1620 1847 diffusa
1654 1819 1740 1847 non

213 1878 267 1918 est
301 1876 615 1931 pharmacopcea
660 1874 799 1917 ruralis
831 1874 873 1916 &
906 1872 1093 1916 formulae
1126 1873 1282 1917 summe
1316 1875 1532 1932 simplice53
1568 1876 1668 1932 saepe
1690 1890 1740 1919 ta-

214 1962 311 1990 men
346 1946 539 1999 audaces,
576 1947 618 1988 &
651 1945 859 1988 stomacho
895 1948 1080 1988 teneriori
1114 1961 1200 1989 non
1232 1947 1453 1990 suadendae.
1539 1949 1741 2006 Qantilla

214 2022 350 2076 praxis
393 2020 467 2071 est,
518 2020 622 2060 inter
654 2032 796 2060 arcana
829 2032 915 2060 non
954 2017 1227 2071 absconditur,
1271 2018 1336 2062 sed
1370 2021 1510 2062 viatori
1545 2020 1739 2077 quaerenti

214 2093 295 2134 fine
330 2091 477 2133 invidia
512 2091 699 2145 aperitur.
800 2090 904 2131 Sunt
935 2088 1105 2146 quidem
1138 2091 1179 2133 in
1211 2089 1286 2133 hac
1319 2091 1385 2134 vel
1423 2092 1485 2134 illa
1519 2092 1619 2134 urbe
1653 2092 1739 2134 Me-

212 2164 290 2206 dici
317 2163 556 2206 Chemicam
592 2163 755 2217 praxin,
789 2161 831 2204 δε
865 2160 979 2218 quod
1012 2161 1229 2216 peffimum
1249 2162 1508 2206 Alchemiam
1542 2161 1738 2217 colentes;

214 2235 277 2280 sed
313 2236 449 2288 Gens,
485 2248 576 2290 quae
608 2234 750 2277 nostris
784 2232 968 2276 moribus
1002 2232 1204 2276 sanitatem
1237 2248 1324 2277 non
1357 2236 1558 2291 corrupit,
1593 2235 1654 2276 illa
1667 2248 1739 2277 no-

922 2298 1015 2360 (D)
1502 2305 1680 2350 strorum
1712 2330 1715 2333 <
